@misc{hinton2014,
 author = {Geoffrey Hinton and Oriol Vinyals and Jeff Dean},
 title = {Distilling the Knowledge in a Neural Network},
 note = {NIPS 2014 Deep Learning Workshop},
 year = 2014
}

@misc{kaggle2017,
 author = {Google},
 title = {Google Cloud \& YouTube-7M Video Understanding Challenge},
 note = {https://www.kaggle.com/c/youtube8m},
 year = 2017
}

@misc{jiang2018,
 author = {Yu-Gang Jiang and Zuxuan Wu and Jun Wang and Xiangyang Xue and Shih-Fu Chang},
 title = {Exploiting Feature and Class Relationships in Video Categorization with Regularized Deep Neural Networks},
 note = {IEEE TPAMI 40.2},
 year = 2018
}

@misc{miech2017,
 author = {Antoine Miech and Ivan Laptev and Josef Sivic},
 title = {Learnable pooling with Context Gating for video classification},
 note = {Computer Vision and Pattern Recognition (CVPR) Youtube-8M Workshop},
 year = 2017
}

@misc{bober2017,
 author = {Mikel Bober-Irizar and Sameed Husain and Eng-Jon Ong and Miroslaw Bober},
 title = {Cultivating DNN Diversity for Large Scale Video Labelling},
 note = {Computer Vision and Pattern Recognition (CVPR) Youtube-8M Workshop},
 year = 2017
}

@misc{miech_github,
 author = {Antoine Miech and Ivan Laptev and Josef Sivic},
 title = {https://github.com/antoine77340/LOUPE}
}

@misc{devries2017,
 author = {Terrance DeVries and Graham W. Taylor},
 title = {Dataset Augmentation in Feature Space},
 note = {https://arxiv.org/abs/1702.05538},
 year = 2017
}

@misc{rabinovich2007,
 author = {Andrew Rabinovich and Andrea Vedaldi and Carolina Galleguillos and Eric Wiewiora and Serge Belongie},
 title = {Objects in context},
 note = {IEEE ICCV},
 year = 2007
}

@misc{bengio2013,
 author = {Samy Bengio and Jeff Dean and Dumitru Erhan and Eugene Ie and Quoc Le and Andrew Rabinovich and Jonathon Shlens and Yoram Singer},
 title = {Using web co-occurrence statistics for improving image categorization},
 note = {Computer Vision and Pattern Recognition (CVPR)},
 year = 2013
}

@misc{deng2014,
 author = {Jia Deng and  Nan Ding and Yangqing Jia and Andrea Frome and Kevin Murphy and Samy Bengi and Yuan Li and Hartmut Neven and Hartwig Adam},
 title = {Large-Scale Object Classification using Label Relation Graphs},
 note = {ECCV},
 year = 2014
}
